@INPROCEEDINGS{2014SPIE.9149E..0GD,
	author = {{Delgado}, F. and {Schumacher}, G.},
	title = "{The LSST OCS scheduler design}",
	booktitle = {Observatory Operations: Strategies, Processes, and Systems V},
	editor = {Alison B. Peck and Chris R. Benn and Robert L. Seaman},
	year = 2014,
	volume = 9149,
	series = {Society of Photo-Optical Instrumentation Engineers (SPIE) Conference Series},
	eid = {91490G},
	pages = {91490G},
	doi = {10.1117/12.2056871},
	adsurl = {http://adsabs.harvard.edu/abs/2014SPIE.9149E..0GD},
	adsnote = {Provided by the SAO/NASA Astrophysics Data System}
}

@INPROCEEDINGS{2014SPIE.9150E..15D,
	author = {{Delgado}, F. and {Saha}, A. and {Chandrasekharan}, S. and {Cook}, K. and {Petry}, C. and {Ridgway}, S.},
	title = "{The LSST operations simulator}",
	series = {Society of Photo-Optical Instrumentation Engineers (SPIE) Conference Series},
	booktitle = {Modeling, Systems Engineering, and Project Management for Astronomy VI},
	editor = {George Z. Angeli and Philippe Dierickx},
	year = {2014},
	volume = 9150,
	eid = {915015},
	pages = {15},
	doi = {10.1117/12.2056898},
	adsurl = {http://adsabs.harvard.edu/abs/2014SPIE.9150E..15D},
	adsnote = {Provided by the SAO/NASA Astrophysics Data System}
}

@INPROCEEDINGS{2013AAS...22124703S,
	author = {{Saha}, A. and {Ridgway}, S.~T. and {Cook}, K.~H. and {Delgado}, F. and 
	{Chandrasekharan}, S. and {Petry}, C.~E. and {Operations Simulator Group}
	},
	title = "{Advancing the LSST Operations Simulator}",
	booktitle = {American Astronomical Society Meeting Abstracts \#221},
	year = 2013,
	series = {American Astronomical Society Meeting Abstracts},
	volume = 221,
	month = jan,
	eid = {247.03},
	pages = {247.03},
	adsurl = {http://adsabs.harvard.edu/abs/2013AAS...22124703S},
	adsnote = {Provided by the SAO/NASA Astrophysics Data System}
}

@INPROCEEDINGS{2010SPIE.7737E..0ZR,
	author = {{Ridgway}, S. and {Cook}, K. and {Miller}, M. and {Petry}, C. and 
	{Chandrasekharan}, S. and {Saha}, A. and {Allsman}, R. and {Axelrod}, T. and 
	{Claver}, C. and {Delgado}, F. and {Ivezic}, Z. and {Jones}, R.~L. and 
	{Krughoff}, S. and {Pierfederici}, F. and {Pinto}, P.},
	title = "{Simulation of autonomous observing with a ground-based telescope: the LSST experience}",
	booktitle = {Observatory Operations: Strategies, Processes, and Systems III},
	year = 2010,
	series = {Society of Photo-Optical Instrumentation Engineers (SPIE) Conference Series},
	volume = 7737,
	month = jul,
	eid = {77370Z},
	pages = {77370Z},
	doi = {10.1117/12.857734},
	adsurl = {http://adsabs.harvard.edu/abs/2010SPIE.7737E..0ZR},
	adsnote = {Provided by the SAO/NASA Astrophysics Data System}
}

@INPROCEEDINGS{2010AAS...21540105K,
	author = {{Krabbendam}, V. and {Chandrasekharan}, S. and {Cook}, K. and 
	{Ivezic}, Z. and {Jones}, R.~L. and {Krughoff}, K.~S. and {Miller}, M. and 
	{Petry}, C. and {Pinto}, P.~A. and {Ridgway}, S.~T. and {Saha}, A.
	},
	title = "{LSST Operations Simulator}",
	booktitle = {American Astronomical Society Meeting Abstracts \#215},
	year = 2010,
	series = {Bulletin of the American Astronomical Society},
	volume = 42,
	month = jan,
	eid = {401.05},
	pages = {217},
	adsurl = {http://adsabs.harvard.edu/abs/2010AAS...21540105K},
	adsnote = {Provided by the SAO/NASA Astrophysics Data System}
}

@INPROCEEDINGS{2009AAS...21346004C,
	author = {{Cook}, K.~H. and {Pinto}, P.~A. and {Delgado}, F. and {Miller}, M. and 
	{Petry}, C. and {Saha}, A. and {Gee}, P.~A. and {Tyson}, J.~A. and 
	{Ivezic}, Z. and {Jones}, L. and {LSST Collaboration}},
	title = "{LSST: Cadence Design and Simulation}",
	booktitle = {American Astronomical Society Meeting Abstracts \#213},
	year = 2009,
	series = {Bulletin of the American Astronomical Society},
	volume = 41,
	month = jan,
	eid = {460.04},
	pages = {367},
	adsurl = {http://adsabs.harvard.edu/abs/2009AAS...21346004C},
	adsnote = {Provided by the SAO/NASA Astrophysics Data System}
}

@INPROCEEDINGS{2007AAS...21113703P,
	author = {{Pinto}, P.~A. and {Cook}, K.~H. and {Delgado}, F. and {Miller}, M. and 
	{Petry}, C. and {Denneau}, L. and {Saha}, A. and {Gee}, P.~A. and 
	{Tyson}, J.~A. and {Ivezic}, Z. and {Jones}, L. and {LSST Collaboration}
	},
	title = "{LSST: Cadence Design and Simulation}",
	booktitle = {American Astronomical Society Meeting Abstracts},
	year = 2007,
	series = {Bulletin of the American Astronomical Society},
	volume = 39,
	month = dec,
	eid = {137.03},
	pages = {979},
	adsurl = {http://adsabs.harvard.edu/abs/2007AAS...21113703P},
	adsnote = {Provided by the SAO/NASA Astrophysics Data System}
}

@INPROCEEDINGS{2006AAS...209.8604P,
	author = {{Pinto}, P.~A. and {Cook}, K.~H. and {Delgado}, F. and {Miller}, M. and 
	{Denneau}, L. and {Saha}, A. and {Gee}, P.~A. and {Tyson}, J.~A. and 
	{Ivezic}, Z. and {LSST Collaboration}},
	title = "{LSST Survey Strategy: Cadence Design and Simulation}",
	booktitle = {American Astronomical Society Meeting Abstracts},
	year = 2006,
	series = {Bulletin of the American Astronomical Society},
	volume = 38,
	month = dec,
	eid = {86.04},
	pages = {1017},
	adsurl = {http://adsabs.harvard.edu/abs/2006AAS...209.8604P},
	adsnote = {Provided by the SAO/NASA Astrophysics Data System}
}

@INPROCEEDINGS{2006SPIE.6270E..1DD,
	author = {{Delgado}, F. and {Cook}, K. and {Miller}, M. and {Allsman}, R. and 
	{Pierfederici}, F.},
	title = "{LSST operation simulator implementation}",
	booktitle = {Society of Photo-Optical Instrumentation Engineers (SPIE) Conference Series},
	year = 2006,
	series = {Society of Photo-Optical Instrumentation Engineers (SPIE) Conference Series},
	volume = 6270,
	month = jun,
	eid = {62701D},
	pages = {62701D},
	doi = {10.1117/12.671992},
	adsurl = {http://adsabs.harvard.edu/abs/2006SPIE.6270E..1DD},
	adsnote = {Provided by the SAO/NASA Astrophysics Data System}
}

@INPROCEEDINGS{2005AAS...207.2626C,
	author = {{Cook}, K.~H. and {Delgado}, F. and {Miller}, M. and {Saha}, A. and 
	{Allsman}, R. and {Pinto}, P. and {Gee}, P.~A.},
	title = "{LSST Operations Simulator}",
	booktitle = {American Astronomical Society Meeting Abstracts},
	year = 2005,
	series = {Bulletin of the American Astronomical Society},
	volume = 37,
	month = dec,
	eid = {26.26},
	pages = {1206},
	adsurl = {http://adsabs.harvard.edu/abs/2005AAS...207.2626C},
	adsnote = {Provided by the SAO/NASA Astrophysics Data System}
}

@INPROCEEDINGS{2004AAS...20510809C,
	author = {{Cook}, K.~H. and {Saha}, A. and {Pierfedrici}, F. and {Allsman}, R. and 
	{Delgado}, F. and {Pinto}, P.~A.},
	title = "{LSST Operational Cadence Simulation and Design}",
	booktitle = {American Astronomical Society Meeting Abstracts},
	year = 2004,
	series = {Bulletin of the American Astronomical Society},
	volume = 36,
	month = dec,
	eid = {108.09},
	pages = {1528},
	adsurl = {http://adsabs.harvard.edu/abs/2004AAS...20510809C},
	adsnote = {Provided by the SAO/NASA Astrophysics Data System}
}
