@INPROCEEDINGS{Kahn_SPIE2016,
	author = {{Kahn}, S.},
	title = "{Final design of the Large Synoptic Survey Telescope}",
	booktitle = {Ground-Based and Airborne Telescopes IV},
	editor = {{Hall}, H.~J. and {Gilmozzi}, R. and {Marshall}, H.~K.},
	series = {\procspie},
	volume = {9906},
	year = {2016},
	pages = {in press}
}

@INPROCEEDINGS{Kantor_SPIE2016,
	author = {{Kantor}, J. and others},
	title = "{Agile software development in an earned value world: a survival guide}",
	booktitle = {Modeling, Systems Engineering, and Project Management for Astronomy VI},
	editor = {George Z. Angeli and Philippe Dierickx},
	series = {\procspie},
	volume = {9911},
	year = {2016},
	pages = {in press}
}

@INPROCEEDINGS{Cook_SPIE2016,
	author = {{Cook}, K.~H. and others},
	title = "{Exploring possible Large Synoptic Survey Telescope (LSST) surveys with
	the LSST operations simulator and delivering a reference simulated survey}",
	booktitle = {Modeling, Systems Engineering, and Project Management for Astronomy VI},
	editor = {George Z. Angeli and Philippe Dierickx},
	series = {\procspie},
	volume = {9911},
	year = {2016},
	pages = {in press}
}

@INPROCEEDINGS{Delgado_SPIE2016,
	author = {{Delgado}, F.},
	title = "{The LSST Scheduler from design to construction}",
	booktitle = {Observatory Operations: Strategies, Processes, and Systems V},
	editor = {Alison B. Peck and Chris R. Benn and Robert L. Seaman},
	series = {\procspie},
	volume = {9910},
	pages = {in press},
	year = {2016},
}

@INPROCEEDINGS{Daly_SPIE2016,
	author = {{Daly}, P. and {Schumacher}, G.},
	title = "{LSST OCS status and plans}",
	booktitle = {Software and Cyberinfrastructure for Astronomy IV},
	editor = {Gianluca Chiozzi and Juan C. Guzman},
	series = {\procspie},
	volume = {9913},
	year = {2016},
	pages = {in press}
}

@INPROCEEDINGS{Mills_SPIE2016,
	author = {{Mills}, D. and others},
	title = "{LSST communications middleware implementation}",
	booktitle = {Ground-Based and Airborne Telescopes IV},
	editor = {{Hall}, H.~J. and {Gilmozzi}, R. and {Marshall}, H.~K.},
	series = {\procspie},
	volume = {9906},
	year = {2016},
	pages = {in press}
}

@INPROCEEDINGS{2016_adassxxv_O3-1,
	author =       {Mario Juri{\'c} and others},
	booktitle =    {Astronomical Data Analysis Software \& Systems XXV},
	title =        "{The LSST Data Management System}",
	year =         2016,
	editor =       {Lorente, N.~P.~F. and Shortridge, K.},
	volume =       {in press},
	pages =        {\arxiv{1512.07914}},
	series =       {\aspconf},
	publisher =    "ASP",
	address =      "San Francisco",
	eprint =       {arxiv:1512.07914},
}

@INPROCEEDINGS{2014SPIE.9149E..0GD,
	author = {{Delgado}, F. and {Schumacher}, G.},
	title = "{The LSST OCS scheduler design}",
	booktitle = {Observatory Operations: Strategies, Processes, and Systems V},
	editor = {Alison B. Peck and Chris R. Benn and Robert L. Seaman},
	year = 2014,
	volume = 9149,
	series = {\procspie},
	eid = {91490G},
	pages = {91490G},
	doi = {10.1117/12.2056871},
	adsurl = {http://adsabs.harvard.edu/abs/2014SPIE.9149E..0GD},
	adsnote = {Provided by the SAO/NASA Astrophysics Data System}
}

@INPROCEEDINGS{2014SPIE.9150E..15D,
	author = {{Delgado}, F. and others},
	title = "{The LSST operations simulator}",
	series = {\procspie},
	booktitle = {Modeling, Systems Engineering, and Project Management for Astronomy VI},
	editor = {George Z. Angeli and Philippe Dierickx},
	year = {2014},
	volume = 9150,
	eid = {915015},
	pages = {915015},
	doi = {10.1117/12.2056898},
	adsurl = {http://adsabs.harvard.edu/abs/2014SPIE.9150E..15D},
	adsnote = {Provided by the SAO/NASA Astrophysics Data System}
}

@INPROCEEDINGS{2014SPIE.9149E..0BJ,
	author = {{Jones}, R.~L. and others},
	title = "{The LSST metrics analysis framework (MAF)}",
	series = {\procspie},
	booktitle = {Observatory Operations: Strategies, Processes, and Systems V},
	editor = {Alison B. Peck and Chris R. Benn and Robert L. Seaman},
	year = 2014,
	volume = 9149,
	eid = {91490B},
	pages = {91490B},
	doi = {10.1117/12.2056835},
	adsurl = {http://adsabs.harvard.edu/abs/2014SPIE.9149E..0BJ},
	adsnote = {Provided by the SAO/NASA Astrophysics Data System}
}

@INPROCEEDINGS{2013AAS...22124703S,
	author = {{Saha}, A. and others},
	title = "{Advancing the LSST Operations Simulator}",
	booktitle = {American Astronomical Society Meeting Abstracts \#221},
	year = 2013,
	series = {American Astronomical Society Meeting Abstracts},
	volume = 221,
	month = jan,
	eid = {247.03},
	pages = {247.03},
	adsurl = {http://adsabs.harvard.edu/abs/2013AAS...22124703S},
	adsnote = {Provided by the SAO/NASA Astrophysics Data System}
}

@INPROCEEDINGS{2010SPIE.7737E..0ZR,
	author = {{Ridgway}, S. and others},
	title = "{Simulation of autonomous observing with a ground-based telescope: the LSST experience}",
	booktitle = {Observatory Operations: Strategies, Processes, and Systems III},
	year = 2010,
	series = {\procspie},
	editor = {David R. Silva and Alison B. Peck and B. Thomas Soifer},
	volume = 7737,
	month = jul,
	eid = {77370Z},
	pages = {77370Z},
	doi = {10.1117/12.857734},
	adsurl = {http://adsabs.harvard.edu/abs/2010SPIE.7737E..0ZR},
	adsnote = {Provided by the SAO/NASA Astrophysics Data System}
}

@INPROCEEDINGS{2010AAS...21540105K,
	author = {{Krabbendam}, V. and others},
	title = "{LSST Operations Simulator}",
	booktitle = {American Astronomical Society Meeting Abstracts},
	year = 2010,
	series = {Bulletin of the American Astronomical Society},
	volume = 42,
	month = jan,
	eid = {401.05},
	pages = {217},
	adsurl = {http://adsabs.harvard.edu/abs/2010AAS...21540105K},
	adsnote = {Provided by the SAO/NASA Astrophysics Data System}
}

@INPROCEEDINGS{2009AAS...21346004C,
	author = {{Cook}, K.~H. and others},
	title = "{LSST: Cadence Design and Simulation}",
	booktitle = {American Astronomical Society Meeting Abstracts},
	year = 2009,
	series = {Bulletin of the American Astronomical Society},
	volume = 41,
	month = jan,
	eid = {460.04},
	pages = {367},
	adsurl = {http://adsabs.harvard.edu/abs/2009AAS...21346004C},
	adsnote = {Provided by the SAO/NASA Astrophysics Data System}
}

@INPROCEEDINGS{2007AAS...21113703P,
	author = {{Pinto}, P.~A. and others},
	title = "{LSST: Cadence Design and Simulation}",
	booktitle = {American Astronomical Society Meeting Abstracts},
	year = 2007,
	series = {Bulletin of the American Astronomical Society},
	volume = 39,
	month = dec,
	eid = {137.03},
	pages = {979},
	adsurl = {http://adsabs.harvard.edu/abs/2007AAS...21113703P},
	adsnote = {Provided by the SAO/NASA Astrophysics Data System}
}

@INPROCEEDINGS{2006AAS...209.8604P,
	author = {{Pinto}, P.~A. and others},
	title = "{LSST Survey Strategy: Cadence Design and Simulation}",
	booktitle = {American Astronomical Society Meeting Abstracts},
	year = 2006,
	series = {Bulletin of the American Astronomical Society},
	volume = 38,
	month = dec,
	eid = {86.04},
	pages = {1017},
	adsurl = {http://adsabs.harvard.edu/abs/2006AAS...209.8604P},
	adsnote = {Provided by the SAO/NASA Astrophysics Data System}
}

@INPROCEEDINGS{2006SPIE.6270E..1DD,
	author = {{Delgado}, F. and others},
	title = "{LSST operation simulator implementation}",
	booktitle = {Observatory Operations: Strategies, Processes, and Systems},
	editor = {David R. Silva and Rodger E. Doxsey},
	year = 2006,
	series = {\procspie},
	volume = 6270,
	month = jun,
	eid = {62701D},
	pages = {62701D},
	doi = {10.1117/12.671992},
	adsurl = {http://adsabs.harvard.edu/abs/2006SPIE.6270E..1DD},
	adsnote = {Provided by the SAO/NASA Astrophysics Data System}
}

@INPROCEEDINGS{2005AAS...207.2626C,
	author = {{Cook}, K.~H. and others},
	title = "{LSST Operations Simulator}",
	booktitle = {American Astronomical Society Meeting Abstracts},
	year = 2005,
	series = {Bulletin of the American Astronomical Society},
	volume = 37,
	month = dec,
	eid = {26.26},
	pages = {1206},
	adsurl = {http://adsabs.harvard.edu/abs/2005AAS...207.2626C},
	adsnote = {Provided by the SAO/NASA Astrophysics Data System}
}

@INPROCEEDINGS{2004AAS...20510809C,
	author = {{Cook}, K.~H. and others},
	title = "{LSST Operational Cadence Simulation and Design}",
	booktitle = {American Astronomical Society Meeting Abstracts},
	year = 2004,
	series = {Bulletin of the American Astronomical Society},
	volume = 36,
	month = dec,
	eid = {108.09},
	pages = {1528},
	adsurl = {http://adsabs.harvard.edu/abs/2004AAS...20510809C},
	adsnote = {Provided by the SAO/NASA Astrophysics Data System}
}

@MISC{DPDD,
	author = {{Juri\'c}, M. and others},
	title = "{LSST Data Products Definition Document}",
	year = 2013,
	howpublished = {\url{http://ls.st/LSE-163}}
}

@MISC{DMPythonStyle,
	title = {{DM Python Style Guide}},
	year = {2016},
	howpublished = {\url{http://developer.lsst.io/en/latest/coding/python\_style\_guide.html}},
}


@MISC{Python,
	title = {Python},
	url = {https://www.python.org},
	note = {\url{https://www.python.org}},
	year = 2016
}

@MISC{SQLAlchemy,
	author = {Michael Bayer},
	title = {{SQLAlchemy}},
	url = {https://www.sqlalchemy.org},
	note = {\url{https://www.sqlalchemy.org}},
	year = 2016
}

@MISC{MariaDB,
	title = {{MariaDB}},
	url = {https://www.mariadb.org},
	note = {\url{https://www.mariadb.org}},
	year = 2016
}

@MISC{SQLite,
	title = {{SQLite}},
	url = {https://www.sqlite.org},
	note = {\url{https://www.sqlite.org}},
	year = 2016
}

@MISC{JIRA,
	title = {{JIRA Software}},
	url = {https://www.atlassian.com/software/jira},
	note = {\url{https://www.atlassian.com/software/jira}},
	year = 2016
}

@MISC{GitHub,
	title = {{GitHub}},
	year = 2016,
	url = {https://www.github.com},
	note={\url{https://www.github.com}}
}

@MISC{Primavera,
	title = {Primavera},
	year = 2016,
	note = {\url{https://www.oracle.com/applications/primavera/products/project-management.htmlnote}},
	url = {https://www.oracle.com/applications/primavera/products/project-management.html},
}

@BOOK{Beck2002,
	author = {Kent Beck},
	title = {Test Driven Development: By Example},
	year = {2002},
	publisher = {Addison-Wesley  Professional},
	isbn = {0321146530},
}

@BOOK{Astels2003,
	author = {David Astels},
	title = {Test-Driven Development: A Practical Guide},
	year = {2003},
	publisher = {Prentice Hall},
	isbn = {0131016490},
}
